<?xml version="1.0" encoding="UTF-8"?><collection xmlns="http://www.loc.gov/MARC21/slim"><record><leader>00521nam--2200193-i-4500</leader><controlfield tag="001">000048368</controlfield><controlfield tag="002">20161230</controlfield><controlfield tag="005">20170108211957</controlfield><controlfield tag="008">060222s1000------------r-----000-0-rus-d</controlfield><datafield ind1=" " ind2=" " tag="040"><subfield code="a">IFIN-HH</subfield></datafield><datafield ind1=" " ind2=" " tag="041"><subfield code="a">rus</subfield></datafield><datafield ind1=" " ind2=" " tag="080"><subfield code="a">537.222.22</subfield></datafield><datafield ind1="1" ind2=" " tag="100"><subfield code="a">Abdullaev, G. V</subfield></datafield><datafield ind1="1" ind2="0" tag="245"><subfield code="a">Nekotorye voprosy fiziki elektronnodyrochnyh perehodov</subfield><subfield code="c">G.V. Abdullaev, Z.A. Iskender-Zade</subfield></datafield><datafield ind1=" " ind2=" " tag="260"><subfield code="a">Baku</subfield><subfield code="b">Elm</subfield><subfield code="c">1971</subfield></datafield><datafield ind1=" " ind2=" " tag="300"><subfield code="a">247 p</subfield></datafield><datafield ind1="1" ind2=" " tag="700"><subfield code="a">Iskender-Zade, Z. A</subfield></datafield><datafield ind1=" " ind2=" " tag="852"><subfield code="a">75154</subfield><subfield code="c">537.311.33</subfield></datafield><datafield ind1=" " ind2=" " tag="CAT"><subfield code="a">SYS</subfield><subfield code="c">20170108</subfield><subfield code="h">211957</subfield></datafield></record></collection>